<record><leader>00000cas a22000007a 4500</leader><controlfield tag="001">39304817</controlfield><controlfield tag="008">980617d190u1920ncuwr ne      0    0eng d</controlfield><datafield ind1=" " ind2=" " tag="010"><subfield code="a">sn 98058816 </subfield></datafield><datafield ind1=" " ind2=" " tag="040"><subfield code="a">NVJ</subfield><subfield code="b">eng</subfield><subfield code="c">NVJ</subfield><subfield code="d">OCLCQ</subfield></datafield><datafield ind1=" " ind2=" " tag="042"><subfield code="a">msc</subfield></datafield><datafield ind1="0" ind2="0" tag="245"><subfield code="a">Hamlet messenger.</subfield></datafield><datafield ind1=" " ind2=" " tag="260"><subfield code="a">Hamlet, N.C. :</subfield><subfield code="b">[s.n.]</subfield></datafield><datafield ind1=" " ind2=" " tag="300"><subfield code="a">v.</subfield></datafield><datafield ind1=" " ind2=" " tag="310"><subfield code="a">Weekly</subfield></datafield><datafield ind1="1" ind2=" " tag="362"><subfield code="a">Ceased in 1920.</subfield></datafield><datafield ind1=" " ind2=" " tag="500"><subfield code="a">Aug. 3, 1912 issue is called, "Trade &amp; Industrial Edition."</subfield></datafield><datafield ind1=" " ind2=" " tag="588"><subfield code="a">Description based on: Vol. 3, no. 43 (Aug. 3, 1912).</subfield></datafield><datafield ind1=" " ind2=" " tag="752"><subfield code="a">United States</subfield><subfield code="b">North Carolina</subfield><subfield code="c">Richmond</subfield><subfield code="d">Hamlet.</subfield></datafield><datafield ind1="0" ind2="7" tag="785"><subfield code="t">Hamlet news</subfield></datafield><datafield ind1="0" ind2="7" tag="785"><subfield code="t">Hamlet news messenger</subfield><subfield code="w">(DLC)sn 95072298</subfield></datafield></record>